@INPROCEEDINGS{redmon2016look,  author={J. {Redmon} and S. {Divvala} and R. {Girshick} and A. {Farhadi}},  booktitle={Proceedings of the IEEE CVPR},   title={You Only Look Once: Unified, Real-Time Object Detection},   year={2016},  volume={},  number={},  pages={779--788}}


@misc{bib,
	title = {{Bibliography management with bibtex}},
	year = {2021},
	month = {Aug},
	note = {[Online; accessed 17. Aug. 2021]},
	url = {https://www.overleaf.com/learn/latex/Bibliography_management_with_bibtex}
}
